% MIT License

% Copyright (c) 2019 Orange Lee

% Permission is hereby granted, free of charge, to any person obtaining a copy
% of this software and associated documentation files (the "Software"), to deal
% in the Software without restriction, including without limitation the rights
% to use, copy, modify, merge, publish, distribute, sublicense, and/or sell
% copies of the Software, and to permit persons to whom the Software is
% furnished to do so, subject to the following conditions:

% The above copyright notice and this permission notice shall be included in all
% copies or substantial portions of the Software.

% THE SOFTWARE IS PROVIDED "AS IS", WITHOUT WARRANTY OF ANY KIND, EXPRESS OR
% IMPLIED, INCLUDING BUT NOT LIMITED TO THE WARRANTIES OF MERCHANTABILITY,
% FITNESS FOR A PARTICULAR PURPOSE AND NONINFRINGEMENT. IN NO EVENT SHALL THE
% AUTHORS OR COPYRIGHT HOLDERS BE LIABLE FOR ANY CLAIM, DAMAGES OR OTHER
% LIABILITY, WHETHER IN AN ACTION OF CONTRACT, TORT OR OTHERWISE, ARISING FROM,
% OUT OF OR IN CONNECTION WITH THE SOFTWARE OR THE USE OR OTHER DEALINGS IN THE
% SOFTWARE.

@misc{sample
}

@misc{UWPbaidu,
title = {uwp},
howpublished = {百度百科},
note = {\url{https://baike.baidu.com/item/UWP/4236943}}
}
@misc{UWPMS,
title = {What's a Universal Windows Platform (UWP) app?},
howpublished = {Windows Dev Center},
note = {\url{https://docs.microsoft.com/en-us/windows/uwp/get-started/universal-application-platform-guide}}
}
@misc{XAMLbaidu,
title = {XAML},
howpublished = {百度百科},
note = {\url{https://baike.baidu.com/item/XAML}}
}
@misc{XMLrunoob1,
title = {XML 树结构},
howpublished = {菜鸟教程},
note = {\url{https://www.runoob.com/xml/xml-tree.html}}
}
@misc{XMLrunoob2,
title = {XML 语法规则},
howpublished = {菜鸟教程},
note = {\url{https://www.runoob.com/xml/xml-syntax.html}}
}
@misc{XMLrunoob3,
title = {XML 属性},
howpublished = {菜鸟教程},
note = {\url{https://www.runoob.com/xml/xml-attributes.html}}
}
@misc{XMLrunoob4,
title = {XML 命名空间},
howpublished = {菜鸟教程},
note = {\url{https://www.runoob.com/xml/xml-namespaces.html}}
}